
@online{latex_project_latex_2018,
	title = {{LaTeX} - A document preparation system},
	url = {https://www.latex-project.org/},
	author = {{LaTeX Project}},
	urldate = {2018-03-19},
	date = {2018},
	file = {LaTeX - A document preparation system:/home/timquelch/Zotero/storage/7A63SPC5/www.latex-project.org.html:text/html}
}

@online{carlisle_great_2001,
	title = {The Great, Big List of {LaTeX} Symbols},
	url = {https://www.rpi.edu/dept/arc/training/latex/LaTeX_symbols.pdf},
	author = {Carlisle, David and Pakin, Scott and Holt, Alexander},
	date = {2001-02-07},
	file = {Carlisle et al. - The Great, Big List of LaTeX Symbols.pdf:/home/timquelch/Zotero/storage/GJC7L89P/Carlisle et al. - The Great, Big List of LaTeX Symbols.pdf:application/pdf}
}